<record><leader>00000cas a22000007a 4500</leader><controlfield tag="001">12385099</controlfield><controlfield tag="008">850814u1942uuuualuwr ne      0    0eng d</controlfield><datafield ind1=" " ind2=" " tag="010"><subfield code="a">sn 85044841 </subfield></datafield><datafield ind1=" " ind2=" " tag="040"><subfield code="a">CPN</subfield><subfield code="b">eng</subfield><subfield code="c">CPN</subfield><subfield code="d">NVF</subfield><subfield code="d">OCLCQ</subfield><subfield code="d">OCLCO</subfield></datafield><datafield ind1=" " ind2=" " tag="042"><subfield code="a">msc</subfield></datafield><datafield ind1=" " ind2=" " tag="043"><subfield code="a">n-us---</subfield><subfield code="a">n-us-al</subfield></datafield><datafield ind1="0" ind2="4" tag="245"><subfield code="a">The McClellan cycle.</subfield></datafield><datafield ind1=" " ind2=" " tag="260"><subfield code="a">Fort McClellan, Ala. :</subfield><subfield code="b">War Dept., Public Relations Office,</subfield><subfield code="c">1942-</subfield></datafield><datafield ind1=" " ind2=" " tag="300"><subfield code="a">v. :</subfield><subfield code="b">ill. ;</subfield><subfield code="c">42 cm.</subfield></datafield><datafield ind1=" " ind2=" " tag="310"><subfield code="a">Weekly</subfield></datafield><datafield ind1="0" ind2=" " tag="362"><subfield code="a">Vol. 1, no. 1 (Sept. 11, 1942)-</subfield></datafield><datafield ind1=" " ind2=" " tag="500"><subfield code="a">Editors: Pvt. Arthur M. Davis and Pvt. Walter S. Shultise, &lt;1942&gt;; Sgt. Dick Linehan, &lt;1943&gt;; T/5 Don Horner and T/4 Ed H. Snyder, &lt;1945&gt;; Pvt. Donald W. Rubincan, &lt;1946&gt;.</subfield></datafield><datafield ind1=" " ind2="0" tag="651"><subfield code="a">United States</subfield><subfield code="x">Armed Forces</subfield><subfield code="z">Alabama</subfield><subfield code="v">Newspapers.</subfield></datafield><datafield ind1=" " ind2="0" tag="651"><subfield code="a">Fort McClellan (Ala.)</subfield><subfield code="x">Alabama.</subfield></datafield><datafield ind1=" " ind2=" " tag="752"><subfield code="a">United States</subfield><subfield code="b">Alabama</subfield><subfield code="c">Calhoun</subfield><subfield code="d">Fort McClellan.</subfield></datafield></record>